%YAML 1.1
%TAG !u! tag:unity3d.com,2011:
--- !u!1 &4844090658286168562
GameObject:
  m_ObjectHideFlags: 0
  m_CorrespondingSourceObject: {fileID: 0}
  m_PrefabInstance: {fileID: 0}
  m_PrefabAsset: {fileID: 0}
  serializedVersion: 6
  m_Component:
  - component: {fileID: 5220369494305616712}
  - component: {fileID: 5762570232340811870}
  - component: {fileID: 5762570232340811865}
  - component: {fileID: 5762570232340811869}
  - component: {fileID: 5762570232340811842}
  - component: {fileID: 5762570232340811843}
  - component: {fileID: 5762570232340811841}
  - component: {fileID: 5762570232340811846}
  m_Layer: 0
  m_Name: TetrisBlockTableColoured
  m_TagString: Untagged
  m_Icon: {fileID: 0}
  m_NavMeshLayer: 0
  m_StaticEditorFlags: 0
  m_IsActive: 1
--- !u!4 &5220369494305616712
Transform:
  m_ObjectHideFlags: 0
  m_CorrespondingSourceObject: {fileID: 0}
  m_PrefabInstance: {fileID: 0}
  m_PrefabAsset: {fileID: 0}
  m_GameObject: {fileID: 4844090658286168562}
  m_LocalRotation: {x: 0, y: -0, z: -0, w: 1}
  m_LocalPosition: {x: -0.059, y: -1.116, z: 0.988}
  m_LocalScale: {x: 0.12448, y: 0.12448, z: 0.12448}
  m_Children:
  - {fileID: 4570776293940701339}
  - {fileID: 361486685836773225}
  m_Father: {fileID: 0}
  m_RootOrder: 0
  m_LocalEulerAnglesHint: {x: 0, y: 0, z: 0}
--- !u!65 &5762570232340811870
BoxCollider:
  m_ObjectHideFlags: 0
  m_CorrespondingSourceObject: {fileID: 0}
  m_PrefabInstance: {fileID: 0}
  m_PrefabAsset: {fileID: 0}
  m_GameObject: {fileID: 4844090658286168562}
  m_Material: {fileID: 0}
  m_IsTrigger: 1
  m_Enabled: 1
  serializedVersion: 2
  m_Size: {x: 8.906451, y: 1.4002331, z: 8.918739}
  m_Center: {x: -0.0069813277, y: 7.132099, z: -0.022493474}
--- !u!114 &5762570232340811865
MonoBehaviour:
  m_ObjectHideFlags: 0
  m_CorrespondingSourceObject: {fileID: 0}
  m_PrefabInstance: {fileID: 0}
  m_PrefabAsset: {fileID: 0}
  m_GameObject: {fileID: 4844090658286168562}
  m_Enabled: 1
  m_EditorHideFlags: 0
  m_Script: {fileID: 11500000, guid: 4deb5a6d5ae8027438fd8deb325d4471, type: 3}
  m_Name: 
  m_EditorClassIdentifier: 
--- !u!114 &5762570232340811869
MonoBehaviour:
  m_ObjectHideFlags: 0
  m_CorrespondingSourceObject: {fileID: 0}
  m_PrefabInstance: {fileID: 0}
  m_PrefabAsset: {fileID: 0}
  m_GameObject: {fileID: 4844090658286168562}
  m_Enabled: 1
  m_EditorHideFlags: 0
  m_Script: {fileID: 11500000, guid: 820f94d57893bf843a0cd6d93313fe6d, type: 3}
  m_Name: 
  m_EditorClassIdentifier: 
  handType: 3
  proximityType: 3
  scaleMinimum: 1
  scaleMaximum: 1
  relativeToInitialState: 1
--- !u!114 &5762570232340811842
MonoBehaviour:
  m_ObjectHideFlags: 0
  m_CorrespondingSourceObject: {fileID: 0}
  m_PrefabInstance: {fileID: 0}
  m_PrefabAsset: {fileID: 0}
  m_GameObject: {fileID: 4844090658286168562}
  m_Enabled: 1
  m_EditorHideFlags: 0
  m_Script: {fileID: 11500000, guid: 181cd563a8349c34ea8978b0bc8d9c7e, type: 3}
  m_Name: 
  m_EditorClassIdentifier: 
  hostTransform: {fileID: 5220369494305616712}
  manipulationType: 3
  twoHandedManipulationType: 2
  allowFarManipulation: 1
  useForcesForNearManipulation: 0
  oneHandRotationModeNear: 1
  oneHandRotationModeFar: 1
  releaseBehavior: 3
  transformSmoothingLogicType:
    reference: Microsoft.MixedReality.Toolkit.Utilities.DefaultTransformSmoothingLogic,
      Microsoft.MixedReality.Toolkit.SDK
  smoothingFar: 1
  smoothingNear: 1
  moveLerpTime: 0.001
  rotateLerpTime: 0.001
  scaleLerpTime: 0.001
  enableConstraints: 1
  constraintsManager: {fileID: 5762570232340811843}
  elasticsManager: {fileID: 0}
  onManipulationStarted:
    m_PersistentCalls:
      m_Calls: []
  onManipulationEnded:
    m_PersistentCalls:
      m_Calls: []
  onHoverEntered:
    m_PersistentCalls:
      m_Calls: []
  onHoverExited:
    m_PersistentCalls:
      m_Calls: []
--- !u!114 &5762570232340811843
MonoBehaviour:
  m_ObjectHideFlags: 0
  m_CorrespondingSourceObject: {fileID: 0}
  m_PrefabInstance: {fileID: 0}
  m_PrefabAsset: {fileID: 0}
  m_GameObject: {fileID: 4844090658286168562}
  m_Enabled: 1
  m_EditorHideFlags: 0
  m_Script: {fileID: 11500000, guid: a98de877dee5fc341b4eb59dfdab266c, type: 3}
  m_Name: 
  m_EditorClassIdentifier: 
  autoConstraintSelection: 1
  selectedConstraints: []
--- !u!114 &5762570232340811841
MonoBehaviour:
  m_ObjectHideFlags: 0
  m_CorrespondingSourceObject: {fileID: 0}
  m_PrefabInstance: {fileID: 0}
  m_PrefabAsset: {fileID: 0}
  m_GameObject: {fileID: 4844090658286168562}
  m_Enabled: 1
  m_EditorHideFlags: 0
  m_Script: {fileID: 11500000, guid: 149fa3ae453128b41940b5caa905f8ff, type: 3}
  m_Name: 
  m_EditorClassIdentifier: 
  handType: 3
  proximityType: 3
  constraintOnMovement: -1
  useLocalSpaceForConstraint: 0
--- !u!114 &5762570232340811846
MonoBehaviour:
  m_ObjectHideFlags: 0
  m_CorrespondingSourceObject: {fileID: 0}
  m_PrefabInstance: {fileID: 0}
  m_PrefabAsset: {fileID: 0}
  m_GameObject: {fileID: 4844090658286168562}
  m_Enabled: 1
  m_EditorHideFlags: 0
  m_Script: {fileID: 11500000, guid: 5b3e6359c9750ad4fb8a05c9b8704d7b, type: 3}
  m_Name: 
  m_EditorClassIdentifier: 
  handType: 3
  proximityType: 3
  constraintOnRotation: 5
  useLocalSpaceForConstraint: 0
--- !u!1 &5715450922120829099
GameObject:
  m_ObjectHideFlags: 0
  m_CorrespondingSourceObject: {fileID: 0}
  m_PrefabInstance: {fileID: 0}
  m_PrefabAsset: {fileID: 0}
  serializedVersion: 6
  m_Component:
  - component: {fileID: 4570776293940701339}
  - component: {fileID: 1733729570145775412}
  - component: {fileID: 9024679859999409549}
  m_Layer: 0
  m_Name: pCube2_polySurface1
  m_TagString: Untagged
  m_Icon: {fileID: 0}
  m_NavMeshLayer: 0
  m_StaticEditorFlags: 0
  m_IsActive: 1
--- !u!4 &4570776293940701339
Transform:
  m_ObjectHideFlags: 0
  m_CorrespondingSourceObject: {fileID: 0}
  m_PrefabInstance: {fileID: 0}
  m_PrefabAsset: {fileID: 0}
  m_GameObject: {fileID: 5715450922120829099}
  m_LocalRotation: {x: 0, y: -0, z: -0, w: 1}
  m_LocalPosition: {x: -0, y: 0, z: 0}
  m_LocalScale: {x: 1, y: 1, z: 1}
  m_Children: []
  m_Father: {fileID: 5220369494305616712}
  m_RootOrder: 0
  m_LocalEulerAnglesHint: {x: 0, y: 0, z: 0}
--- !u!33 &1733729570145775412
MeshFilter:
  m_ObjectHideFlags: 0
  m_CorrespondingSourceObject: {fileID: 0}
  m_PrefabInstance: {fileID: 0}
  m_PrefabAsset: {fileID: 0}
  m_GameObject: {fileID: 5715450922120829099}
  m_Mesh: {fileID: -6758334644561402678, guid: 67cea3569effa20409c114f6f8d61c94, type: 3}
--- !u!23 &9024679859999409549
MeshRenderer:
  m_ObjectHideFlags: 0
  m_CorrespondingSourceObject: {fileID: 0}
  m_PrefabInstance: {fileID: 0}
  m_PrefabAsset: {fileID: 0}
  m_GameObject: {fileID: 5715450922120829099}
  m_Enabled: 1
  m_CastShadows: 1
  m_ReceiveShadows: 1
  m_DynamicOccludee: 1
  m_MotionVectors: 1
  m_LightProbeUsage: 1
  m_ReflectionProbeUsage: 1
  m_RayTracingMode: 2
  m_RayTraceProcedural: 0
  m_RenderingLayerMask: 1
  m_RendererPriority: 0
  m_Materials:
  - {fileID: 2100000, guid: 8277bc5bd2bae064e911ae86084b306c, type: 2}
  m_StaticBatchInfo:
    firstSubMesh: 0
    subMeshCount: 0
  m_StaticBatchRoot: {fileID: 0}
  m_ProbeAnchor: {fileID: 0}
  m_LightProbeVolumeOverride: {fileID: 0}
  m_ScaleInLightmap: 1
  m_ReceiveGI: 1
  m_PreserveUVs: 0
  m_IgnoreNormalsForChartDetection: 0
  m_ImportantGI: 0
  m_StitchLightmapSeams: 1
  m_SelectedEditorRenderState: 3
  m_MinimumChartSize: 4
  m_AutoUVMaxDistance: 0.5
  m_AutoUVMaxAngle: 89
  m_LightmapParameters: {fileID: 0}
  m_SortingLayerID: 0
  m_SortingLayer: 0
  m_SortingOrder: 0
  m_AdditionalVertexStreams: {fileID: 0}
--- !u!1 &8162786332839886368
GameObject:
  m_ObjectHideFlags: 0
  m_CorrespondingSourceObject: {fileID: 0}
  m_PrefabInstance: {fileID: 0}
  m_PrefabAsset: {fileID: 0}
  serializedVersion: 6
  m_Component:
  - component: {fileID: 361486685836773225}
  - component: {fileID: 8049887472445219303}
  - component: {fileID: 827668912599295816}
  m_Layer: 0
  m_Name: polySurface2_pCube2
  m_TagString: Untagged
  m_Icon: {fileID: 0}
  m_NavMeshLayer: 0
  m_StaticEditorFlags: 0
  m_IsActive: 1
--- !u!4 &361486685836773225
Transform:
  m_ObjectHideFlags: 0
  m_CorrespondingSourceObject: {fileID: 0}
  m_PrefabInstance: {fileID: 0}
  m_PrefabAsset: {fileID: 0}
  m_GameObject: {fileID: 8162786332839886368}
  m_LocalRotation: {x: 0, y: -0, z: -0, w: 1}
  m_LocalPosition: {x: -0, y: 0, z: 0}
  m_LocalScale: {x: 1, y: 1, z: 1}
  m_Children: []
  m_Father: {fileID: 5220369494305616712}
  m_RootOrder: 1
  m_LocalEulerAnglesHint: {x: 0, y: 0, z: 0}
--- !u!33 &8049887472445219303
MeshFilter:
  m_ObjectHideFlags: 0
  m_CorrespondingSourceObject: {fileID: 0}
  m_PrefabInstance: {fileID: 0}
  m_PrefabAsset: {fileID: 0}
  m_GameObject: {fileID: 8162786332839886368}
  m_Mesh: {fileID: 6612830531901853011, guid: 67cea3569effa20409c114f6f8d61c94, type: 3}
--- !u!23 &827668912599295816
MeshRenderer:
  m_ObjectHideFlags: 0
  m_CorrespondingSourceObject: {fileID: 0}
  m_PrefabInstance: {fileID: 0}
  m_PrefabAsset: {fileID: 0}
  m_GameObject: {fileID: 8162786332839886368}
  m_Enabled: 1
  m_CastShadows: 1
  m_ReceiveShadows: 1
  m_DynamicOccludee: 1
  m_MotionVectors: 1
  m_LightProbeUsage: 1
  m_ReflectionProbeUsage: 1
  m_RayTracingMode: 2
  m_RayTraceProcedural: 0
  m_RenderingLayerMask: 1
  m_RendererPriority: 0
  m_Materials:
  - {fileID: 2100000, guid: 8cb53f6408821e149a275a3e442aaa5d, type: 2}
  m_StaticBatchInfo:
    firstSubMesh: 0
    subMeshCount: 0
  m_StaticBatchRoot: {fileID: 0}
  m_ProbeAnchor: {fileID: 0}
  m_LightProbeVolumeOverride: {fileID: 0}
  m_ScaleInLightmap: 1
  m_ReceiveGI: 1
  m_PreserveUVs: 0
  m_IgnoreNormalsForChartDetection: 0
  m_ImportantGI: 0
  m_StitchLightmapSeams: 1
  m_SelectedEditorRenderState: 3
  m_MinimumChartSize: 4
  m_AutoUVMaxDistance: 0.5
  m_AutoUVMaxAngle: 89
  m_LightmapParameters: {fileID: 0}
  m_SortingLayerID: 0
  m_SortingLayer: 0
  m_SortingOrder: 0
  m_AdditionalVertexStreams: {fileID: 0}
